<record><leader>00000cas a22000007a 4500</leader><controlfield tag="001">35230649</controlfield><controlfield tag="008">960813d19011925okuwr n       0    0eng d</controlfield><datafield ind1=" " ind2=" " tag="010"><subfield code="a">sn 96093878 </subfield></datafield><datafield ind1=" " ind2=" " tag="040"><subfield code="a">OBN</subfield><subfield code="b">eng</subfield><subfield code="c">OBN</subfield><subfield code="d">OCLCQ</subfield><subfield code="d">OCLCF</subfield><subfield code="d">OCLCO</subfield></datafield><datafield ind1="1" ind2=" " tag="029"><subfield code="a">AU@</subfield><subfield code="b">000012746221</subfield></datafield><datafield ind1=" " ind2=" " tag="042"><subfield code="a">msc</subfield></datafield><datafield ind1=" " ind2=" " tag="043"><subfield code="a">n-us-ok</subfield></datafield><datafield ind1="0" ind2=" " tag="130"><subfield code="a">Aline chronoscope (Aline, Okla. : 1901)</subfield></datafield><datafield ind1="1" ind2="0" tag="245"><subfield code="a">Aline chronoscope.</subfield></datafield><datafield ind1=" " ind2=" " tag="260"><subfield code="a">Aline, Woods County, Okla. :</subfield><subfield code="b">Edgar B. Marchant</subfield></datafield><datafield ind1=" " ind2=" " tag="300"><subfield code="a">v.</subfield></datafield><datafield ind1=" " ind2=" " tag="310"><subfield code="a">Weekly</subfield></datafield><datafield ind1="0" ind2=" " tag="362"><subfield code="a">-v. 25, no. 17 (July 24, 1925).</subfield></datafield><datafield ind1="1" ind2=" " tag="362"><subfield code="a">Began July 27, 1901.</subfield></datafield><datafield ind1=" " ind2=" " tag="588"><subfield code="a">Description based on: Vol. 1, no. 43 (Oct. 5, 1901).</subfield></datafield><datafield ind1=" " ind2="0" tag="651"><subfield code="a">Aline (Okla.)</subfield><subfield code="v">Newspapers.</subfield></datafield><datafield ind1=" " ind2="0" tag="651"><subfield code="a">Alfalfa County (Okla.)</subfield><subfield code="v">Newspapers.</subfield></datafield><datafield ind1=" " ind2="7" tag="655"><subfield code="a">Newspapers.</subfield><subfield code="2">fast</subfield><subfield code="0">(OCoLC)fst01423814</subfield></datafield><datafield ind1=" " ind2="7" tag="651"><subfield code="a">Oklahoma</subfield><subfield code="z">Alfalfa County.</subfield><subfield code="2">fast</subfield><subfield code="0">(OCoLC)fst01219310</subfield></datafield><datafield ind1=" " ind2="7" tag="651"><subfield code="a">Oklahoma</subfield><subfield code="z">Aline.</subfield><subfield code="2">fast</subfield><subfield code="0">(OCoLC)fst01870178</subfield></datafield><datafield ind1=" " ind2=" " tag="752"><subfield code="a">United States</subfield><subfield code="b">Oklahoma</subfield><subfield code="c">Alfalfa</subfield><subfield code="d">Aline.</subfield></datafield><datafield ind1="0" ind2="0" tag="785"><subfield code="t">Alfalfa County news (Cherokee, Okla. : 1925)</subfield><subfield code="w">(DLC)sn 96093879</subfield><subfield code="w">(OCoLC)35230726</subfield></datafield></record>